<record><leader>00000cas a22000007a 4500</leader><controlfield tag="001">26018096</controlfield><controlfield tag="008">920615d188u1uuuaruwr ne      0    0eng d</controlfield><datafield ind1=" " ind2=" " tag="010"><subfield code="a">sn 92050109 </subfield></datafield><datafield ind1=" " ind2=" " tag="040"><subfield code="a">ANU</subfield><subfield code="b">eng</subfield><subfield code="c">ANU</subfield><subfield code="d">OCLCQ</subfield></datafield><datafield ind1=" " ind2=" " tag="042"><subfield code="a">msc</subfield></datafield><datafield ind1="0" ind2=" " tag="130"><subfield code="a">Arkansas banner (Rison, Ark.)</subfield></datafield><datafield ind1="1" ind2="0" tag="245"><subfield code="a">Arkansas banner.</subfield></datafield><datafield ind1=" " ind2=" " tag="260"><subfield code="a">Rison, Cleveland County, Ark. :</subfield><subfield code="b">R.J. Wilson</subfield></datafield><datafield ind1=" " ind2=" " tag="300"><subfield code="a">v.</subfield></datafield><datafield ind1=" " ind2=" " tag="310"><subfield code="a">Weekly</subfield></datafield><datafield ind1=" " ind2=" " tag="588"><subfield code="a">Description based on: Vol. 3, no. 6 (Apr. 10, 1890).</subfield></datafield><datafield ind1=" " ind2="4" tag="651"><subfield code="a">Rison (Ark.)</subfield><subfield code="v">Newspapers.</subfield></datafield><datafield ind1=" " ind2="4" tag="651"><subfield code="a">Cleveland County (Ark.)</subfield><subfield code="v">Newspapers.</subfield></datafield><datafield ind1=" " ind2=" " tag="752"><subfield code="a">United States</subfield><subfield code="b">Arkansas</subfield><subfield code="c">Cleveland</subfield><subfield code="d">Rison.</subfield></datafield></record>